@misc{starmapper,
	author			= {Jan Willem Tulp and Jos de Bruijne and Karen 						O’Flaherty and Claudia Mignone},
	title			= {A visualisation based on data from
the European Space Agency's Hipparcos star mapper},
    howpublished	= {\url{http://sci.esa.int/star\_mapper}},
    note			= {Accessed: 17.01.2018}
}

@misc{chromeexperiment,
	author			= {{Google Data Arts Team}},
	title			= {Interactive visualization of the stellar neighborhood},
	howpublished	= {\url{http://stars.chromeexperiments.com/}},
	note			= {Accessed: 17.01.2018}
}

@misc{gavs,
	author			= {André Moitinho de Almeida and Hélder Savietto and Carlos Barata and Alberto Krone-Martins and Márcia Barros and António Falcão and Tiago Fernandes},
	title			= {Interactive visual exploration environment for 						the Gaia archive},
	howpublished	= {\url{https://gea.esac.esa.int/visualization/							index.html}},
	note			= {Accessed: 17.01.2018}
}

@misc{tableau,
	author			= {Tableau Software},
	title			= {Interactive data visualization product},
	howpublished	= {\url{https://www.tableau.com/de-de}},
	note			= {Accessed: 17.01.2018},
}

@misc{glue,
	author			= {Chris Beaumont and Thomas Robitaille and Michelle Borkin},
	title			= {Python library to explore relationships within and among related datasets},
	howpublished	= {\url{http://www.glueviz.org/en/stable/}},
	note			= {Accessed: 17.01.2018}
}

@misc{bootstrap,
	author			= {Twitter Inc.},
	title			= {Open source toolkit for developing with HTML, CSS and JS},
	howpublished	= {\url{https://getbootstrap.com/}},
	note			= {Accessed: 18.01.2018}
}

@misc{d3,
	author			= {Mike Bostock},
	title			= {JavaScript library for visualizing data with HTML, SVG, and CSS},
	howpublished	= {\url{https://d3js.org/}},
	note			= {Accessed: 18.01.2018}
}

@misc{pca,
	author			= {Yosuke Onoue},
	title			= {Principal component analysis plugin for D3},
	howpublished	= {\url{https://github.com/likr/d3-pca}},
	note			= {Accessed: 01.12.2017}
}

@misc{corr,
    author          = {Hendrik Schmidt},
    title           = {Empirische Kovarianz; empirischer Korrelationskoeffizient},
    howpublished    = {\url{http://www.mathematik.uni-ulm.de/stochastik/lehre/ss03/wirtschaftsstatistik/skript9/node21.html}},
    note            = {Accessed: 21.01.2018}
}

@INPROCEEDINGS{dimstiller,
	author				= {S. Ingram and T. Munzner and V. Irvine and M. Tory and S. Bergner and T. Möller},
	booktitle			= {2010 IEEE Symposium on Visual Analytics Science and Technology},
	title				= {DimStiller: Workflows for dimensional analysis and reduction},
	year				= {2010},
	volume				= {},
	number				= {},
	pages				= {3-10},
	keywords			= {collections of physical data;data analysis;data reduction;data visualisation;pipeline processing;DimStiller;data tables;dimensionality analysis;dimensionality reduction;operator controls;pipeline processing;visual feedback;workflows;Aerospace electronics;Algorithm design and analysis;Correlation;Image color analysis;Noise;Pipelines;Visualization},
	doi					= {10.1109/VAST.2010.5652392},
	ISSN				= {},
	month				= {Oct},}